<?xml version='1.0' encoding='UTF-8'?>
<record xmlns="http://www.loc.gov/MARC21/slim">
  <leader>01606cam a2200361Ia 4500</leader>
  <controlfield tag="001">207813</controlfield>
  <controlfield tag="003">NjP</controlfield>
  <controlfield tag="005">20171009080144.0</controlfield>
  <controlfield tag="008">840110m19781985ir            000 0 arard</controlfield>
  <datafield tag="024" ind1="7" ind2=" ">
    <subfield code="a">princeton_aco002858</subfield>
    <subfield code="2">local</subfield>
  </datafield>
  <datafield ind1=" " ind2=" " tag="035">
    <subfield code="a">(OCoLC)ocn810905773</subfield>
  </datafield>
  <datafield ind1=" " ind2=" " tag="035">
    <subfield code="a">(OCoLC)84466724</subfield>
  </datafield>
  <datafield ind1=" " ind2=" " tag="035">
    <subfield code="a">(CStRLIN)NJPG84-B1473</subfield>
  </datafield>
  <datafield ind1=" " ind2=" " tag="035">
    <subfield code="9">ABC2789TS</subfield>
  </datafield>
  <datafield ind1=" " ind2=" " tag="040">
    <subfield code="a">PUL</subfield>
    <subfield code="c">PUL</subfield>
    <subfield code="d">OSU</subfield>
    <subfield code="d">PUL</subfield>
  </datafield>
  <datafield ind1=" " ind2=" " tag="066">
    <subfield code="c">(3</subfield>
  </datafield>
  <datafield ind1=" " ind2=" " tag="035">
    <subfield code="a">(OCoLC)810905773</subfield>
  </datafield>
  <datafield ind1=" " ind2=" " tag="079">
    <subfield code="a">ocm27741055</subfield>
  </datafield>
  <datafield ind1=" " ind2=" " tag="090">
    <subfield code="a">BP135.A2</subfield>
    <subfield code="b">F34 1978</subfield>
  </datafield>
  <datafield ind1=" " ind2=" " tag="049">
    <subfield code="a">PULL</subfield>
  </datafield>
  <datafield ind1="1" ind2=" " tag="100">
    <subfield code="6">880-01</subfield>
    <subfield code="a">Falsafī al-Dārābī al-Shīrāzī, Yaḥyá.</subfield>
  </datafield>
  <datafield ind1="1" ind2="0" tag="245">
    <subfield code="6">880-02</subfield>
    <subfield code="a">Minhāj al-sharīʻah, musnad al-Rasūl al-aʻẓam :</subfield>
    <subfield code="b">Muḥammad ibn ʻAbd Allāh /</subfield>
    <subfield code="c">taʼlīf wa-taṣnīf Yaḥyā al-Falsafī al-Dārābī al-Shīrāzī.</subfield>
  </datafield>
  <datafield ind1="3" ind2="0" tag="246">
    <subfield code="6">880-03</subfield>
    <subfield code="a">Musnad al-Rasūl al-Aʻẓam</subfield>
  </datafield>
  <datafield ind1=" " ind2=" " tag="250">
    <subfield code="6">880-04</subfield>
    <subfield code="a">al-Ṭabʻah 1.</subfield>
  </datafield>
  <datafield ind1=" " ind2=" " tag="260">
    <subfield code="a">Shīrāz :</subfield>
    <subfield code="b">Muʼassasat al-Mahdī,</subfield>
    <subfield code="c">1399-1406 [1978 or 1979-1985 or 1986]</subfield>
  </datafield>
  <datafield ind1=" " ind2=" " tag="300">
    <subfield code="a">5 v. ;</subfield>
    <subfield code="c">25 cm.</subfield>
  </datafield>
  <datafield ind1=" " ind2=" " tag="500">
    <subfield code="a">Title page partially vocalized.</subfield>
  </datafield>
  <datafield ind1=" " ind2="0" tag="650">
    <subfield code="a">Hadith.</subfield>
    <subfield code="0">http://id.loc.gov/authorities/subjects/sh85058192</subfield>
  </datafield>
  <datafield ind1="1" ind2=" " tag="880">
    <subfield code="6">100-01/(3/r</subfield>
    <subfield code="a">فلسفي الدارابي الشيرازي، يحيى.</subfield>
  </datafield>
  <datafield ind1="1" ind2="0" tag="880">
    <subfield code="6">245-02/(3/r</subfield>
    <subfield code="a">منهاج الشريعة، مسند الرسول الأعظم :</subfield>
    <subfield code="b">محمد بن عبد الله /</subfield>
    <subfield code="c">تأليف وتصنيف يحيى الفلسفي الدارابي الشيرازي.</subfield>
  </datafield>
  <datafield ind1="3" ind2="0" tag="880">
    <subfield code="6">246-03/(3/r</subfield>
    <subfield code="a">مسند الرسول الأعظم</subfield>
  </datafield>
  <datafield ind1=" " ind2=" " tag="880">
    <subfield code="6">250-04/(3/r</subfield>
    <subfield code="a">الطبعة 1.</subfield>
  </datafield>
  <datafield ind1=" " ind2=" " tag="880">
    <subfield code="6">260-00/(3/r</subfield>
    <subfield code="a">شيراز :</subfield>
    <subfield code="b">مؤسسة المهدي،</subfield>
    <subfield code="c">1399-1406 [1978 or 1979-1985 or 1986]</subfield>
  </datafield>
  <datafield ind1=" " ind2=" " tag="994">
    <subfield code="a">C0</subfield>
    <subfield code="b">PUL</subfield>
  </datafield>
  <datafield ind1=" " ind2=" " tag="999">
    <subfield code="a">207813</subfield>
  </datafield>
  <datafield ind1="0" ind2="1" tag="852">
    <subfield code="0">228406</subfield>
    <subfield code="b">rcppa</subfield>
    <subfield code="t">1</subfield>
    <subfield code="h">BP135</subfield>
    <subfield code="i">.F34</subfield>
    <subfield code="x">tr fr arab</subfield>
  </datafield>
  <datafield ind1=" " ind2="0" tag="866">
    <subfield code="0">228406</subfield>
    <subfield code="8">0</subfield>
    <subfield code="a">juzʾ 1-12(published in 1992)</subfield>
  </datafield>
  <datafield ind1=" " ind2="0" tag="866">
    <subfield code="0">228406</subfield>
    <subfield code="8">0</subfield>
    <subfield code="x">DESIGNATOR: al-Juz</subfield>
  </datafield>
  <datafield ind1=" " ind2=" " tag="959">
    <subfield code="a">2000-06-13 00:00:00 -0500</subfield>
  </datafield>
</record>
